@article{vig2019visualizing,
  title={Visualizing attention in transformer-based language representation models},
  author={Vig, Jesse},
  journal={arXiv preprint arXiv:1904.02679},
  year={2019}
}
@inproceedings{vig2019bertviz,
  title={BertViz: A tool for visualizing multihead self-attention in the BERT model},
  author={Vig, Jesse},
  booktitle={ICLR Workshop: Debugging Machine Learning Models},
  year={2019}
}
@article{radford2019language,
  title={Language models are unsupervised multitask learners},
  author={Radford, Alec and Wu, Jeffrey and Child, Rewon and Luan, David and Amodei, Dario and Sutskever, Ilya and others},
  journal={OpenAI blog},
  volume={1},
  number={8},
  pages={9},
  year={2019}
}
@article{devlin2018bert,
  title={Bert: Pre-training of deep bidirectional transformers for language understanding},
  author={Devlin, Jacob and Chang, Ming-Wei and Lee, Kenton and Toutanova, Kristina},
  journal={arXiv preprint arXiv:1810.04805},
  year={2018}
}
@article{vaswani2017attention,
  title={Attention is all you need},
  author={Vaswani, Ashish and Shazeer, Noam and Parmar, Niki and Uszkoreit, Jakob and Jones, Llion and Gomez, Aidan N and Kaiser, {\L}ukasz and Polosukhin, Illia},
  journal={Advances in neural information processing systems},
  volume={30},
  year={2017}
}